<?xml version="1.0" encoding="UTF-8"?><collection xmlns="http://www.loc.gov/MARC21/slim"><record><leader>00588nam--2200193-i-4500</leader><controlfield tag="001">000038044</controlfield><controlfield tag="002">20161230</controlfield><controlfield tag="005">20161230201041</controlfield><controlfield tag="008">060222s1000------------r-----000-0-eng-d</controlfield><datafield ind1=" " ind2=" " tag="020"><subfield code="a">030640351X</subfield></datafield><datafield ind1=" " ind2=" " tag="040"><subfield code="a">IFIN-HH</subfield></datafield><datafield ind1=" " ind2=" " tag="080"><subfield code="a">539.171.11(061.3)</subfield></datafield><datafield ind1="1" ind2=" " tag="100"><subfield code="a">Goodman, Charles D</subfield></datafield><datafield ind1="1" ind2="0" tag="245"><subfield code="a">The (p,n) reaction and the nucleon-nucleon force</subfield><subfield code="c">Charles d.goodman, sam m.austin, stewart d.bloom, j.rapaport, g.r.satchler (eds.)</subfield></datafield><datafield ind1=" " ind2=" " tag="260"><subfield code="a">New York</subfield><subfield code="b">Plenum Press</subfield><subfield code="c">1980</subfield></datafield><datafield ind1=" " ind2=" " tag="300"><subfield code="a">X+539 P</subfield></datafield><datafield ind1="1" ind2=" " tag="700"><subfield code="a">Satchler, G.R</subfield><subfield code="e">Ed</subfield></datafield><datafield ind1=" " ind2=" " tag="852"><subfield code="a">49342</subfield><subfield code="c">539.17</subfield></datafield><datafield ind1=" " ind2=" " tag="CAT"><subfield code="a">Sys</subfield><subfield code="c">20120621</subfield><subfield code="h">091747</subfield></datafield></record></collection>